%%%%%%%%%%%%%%%%%%%%%%%%%%%%%%%%%%%%%%%%%%%%%%%%%%%%%%%%%%%%%%%%%%%%%%%%%%%%%%%%%%%%%%%%%%%%%
%%% Magazines

@MISC{dartmouth,
  author = {Moor, J.},
  title = {The Dartmouth College Artificial Intelligence Conference: The Next Fifty years},
  note = {AI Magazine, Vol 27, No., 4, Pp. 87-9},
  year = {2006}
}

%%%%%%%%%%%%%%%%%%%%%%%%%%%%%%%%%%%%%%%%%%%%%%%%%%%%%%%%%%%%%%%%%%%%%%%%%%%%%%%%%%%%%%%%%%%%%
%%% Internetseiten

@MISC{pewResearch,
  author = {Selmer Bringsjord},
  title = {Artificial Intelligence - 8.1 Strong versus Weak AI},
  note = {Last visited on 30.09.2022},
  year = {2018},
  url = {https://plato.stanford.edu/entries/artificial-intelligence/#StroVersWeakAI}
}

@MISC{capitolAttack,
  author = {Department Of Justice},
  title = {The Dartmouth College Artificial Intelligence Conference: The Next Fifty years},
  year = {2021},
  url = {https://www.justice.gov/usao-dc/one-year-jan-6-attack-capitol}
}