%%%%%%%%%%%%%%%%%%%%%%%%%%%%%%%%%%%%%%%%%%%%%%%%%%%%%%%%%%%%%%%%%%%%%%%%%%%%%%%%%%%%%%%%%%%%%
%%% Books

@inbook{dreyRevised,
    author    = "Hubert Dreyfus",
    title     = "WHAT COMPUTERS STILL CAN'T DO",
    year      = "1979",
    chapter   = "Introduction to the Revised Edition",
    publisher = "The MIT Press"
}

@inbook{dreyConclusion,
    author    = "Hubert Dreyfus",
    title     = "WHAT COMPUTERS STILL CAN'T DO",
    year      = "1979",
    chapter   = "Conclusion: The scope and Limits of Artificial Reason",
    publisher = "The MIT Press"
}

@inbook{dreyConnectionism,
    author    = "Hubert Dreyfus",
    title     = "WHAT COMPUTERS STILL CAN'T DO",
    year      = "1992",
    chapter   = "pp. xivâ€“xvi.",
    publisher = "The MIT Press"
}

@inbook{kaiAutomation,
    author    = "Kai-Fu Lee",
    title     = "AI Super-Powers China, Silicon Valley and the new World Order",
    year      = "2018",
    chapter   = "Utopia, Dystopia and the real I crisis",
    publisher = "Houghton Mifflin Harcourt Publishing Company"
}

@book{yuvalNoah,
    author    = "Yuval Noah Harari",
    title     = "Sapiens: A Brief History of Humankind",
    year      = "2015",
    publisher = "Harper"
}

%%%%%%%%%%%%%%%%%%%%%%%%%%%%%%%%%%%%%%%%%%%%%%%%%%%%%%%%%%%%%%%%%%%%%%%%%%%%%%%%%%%%%%%%%%%%%
%%% Papers

@article{moore,
  author = {Moore Gordon E.},
  title = {Cramming more components onto integrated circuits},
  year = {1965},
  publisher = {Electronics Magazine}
}

@article{dreySkills,
  author = {Hubert Dreyfus},
  title = {The Five-Stage Model of Adult Skill Acquisition},
  year = {2004},
  publisher = {Bulletin of Science, Technology and Society}
}

@article{mindModelling,
  author = {Hubert Dreyfus, Stuart Dreyfus},
  title = {MAKING A MIND vs. MODELING THE BRAIN: AI BACK AT A BRANCHPOINT},
  year = {1988},
  publisher = {The MIT Press}
}

@article{perceptron,
  author = {Frank Rosenblatt},
  title = {THE PERCEPTRON: A PROBABILISTIC MODEL FOR INFORMATION STORAGE AND ORGANIZATION IN THE BRAIN},
  year = {1958}
}

@article{hinton,
  author = {David E. Rumelhart, Geoffrey Hinton},
  title = {Learning representations by back-propagating erros},
  year = {1986}
}

@article{deepMind1,
  author = {Volodymyr Mnih, Koray Kavukcuoglu, David Silver},
  title = {Playing Atari with Deep Reinforcement Learning},
  year = {2013}
}

@article{turing,
  author = {Alan Turing},
  title = {Computing Machinery and Intelligence},
  year = {1950}
}